@book{kitchin2006,
	title={A Designerâ€™s Guide to Instrumentation Amplifiers},
	author={Charles Kitchin and Lew Counts},
	year={2006},
	edition={3rd},
	publisher={Analog Devices, Inc.}
}

@book{khandpur2014,
	title={Handbook of Biomedical Instrumentation},
	author={R.S. Khandpur},
	year={2014},
	edition={3rd},
	publisher={McGraw-Hill}	
}

@book{razavi2016design,
	title={Design of Analog CMOS Integrated Circuits},
	author={Razavi, B.},
	
	year={2016},
	edition={2rd},
	publisher={McGraw-Hill Education}
}


@inproceedings{qian2019high,
 title={A high gain and high CMRR instrumentation amplifier for biomedical applications},
  author={Qian, Ying-Yu and Wang, Zhi-Gong and Liu, Yue-Kai and Zhou, Zhi-Jun},
  booktitle={2019 IEEE 4th International Conference on Integrated Circuits and Microsystems (ICICM)},
  pages={61--64},
  year={2019},
  organization={IEEE}
}


@article{eldeeb20170,
  title={A 0.4-V miniature CMOS current mode instrumentation amplifier},
  author={Eldeeb, Mohammed A and Ghallab, Yehya H and Ismail, Yehea and El-Ghitani, Hassan},
  journal={IEEE Transactions on Circuits and Systems II: Express Briefs},
  volume={65},
  number={3},
  pages={261--265},
  year={2017},
  publisher={IEEE}
}


@inproceedings{adimulam20170,
  title={A 0.32 $\mu$W, 76.8 dB SNDR Programmable Gain Instrumentation Amplifier for Bio-Potential Signal Processing Applications},
  author={Adimulam, Mahesh Kumar and Movva, Krishna Kumar and Kolluru, K and Srinivas, MB},
  booktitle={2017 IEEE Computer Society Annual Symposium on VLSI (ISVLSI)},
  pages={655--660},
  year={2017},
  organization={IEEE}
}


@inproceedings{silvestre20212,
  title={A 2.24 NEF Current-Balancing Instrumentation Amplifier Using Inverter-Based Transimpedance Stage for ECG Signal Acquisition in 180nm Technology},
  author={Silvestre, Justine Lewis S},
  booktitle={2021 Devices for Integrated Circuit (DevIC)},
  pages={508--511},
  year={2021},
  organization={IEEE}
}


@inproceedings{nagulapalli2017low,
  title={A low offset instrumentation amplifier for biomedical applications},
  author={Nagulapalli, Rajasekhar and Raparthy, Sumathi and Venkatareddy, A},
  booktitle={2017 International Conference on Circuits, Controls, and Communications (CCUBE)},
  pages={191--194},
  year={2017},
  organization={IEEE}
}


@inproceedings{chow2014low,
  title={A low voltage instrumentation amplifier for sensor applications},
  author={Chow, Hwang-Cherng and Chou, Hsin-Ti and Wey, I-Chyn},
  booktitle={2014 International SoC Design Conference (ISOCC)},
  pages={144--145},
  year={2014},
  organization={IEEE}
}


@article{ng2016low,
  title={A low-power, high CMRR neural amplifier system employing CMOS inverter-based OTAs with CMFB through supply rails},
  author={Ng, Kian Ann and Xu, Yong Ping},
  journal={IEEE Journal of Solid-State Circuits},
  volume={51},
  number={3},
  pages={724--737},
  year={2016},
  publisher={IEEE}
}


@inproceedings{zhou2018low,
  title={A low-power low-noise biomedical instrumentation amplifier using novel ripple-reduction technique},
  author={Zhou, Yizhao and Zhao, Menglian and Dong, Yangtao and Wu, Xiaobo and Tang, Lihan},
  booktitle={2018 IEEE Biomedical Circuits and Systems Conference (BioCAS)},
  pages={1--4},
  year={2018},
  organization={IEEE}
}


@inproceedings{viana2019low,
  title={A low-power low-noise instrumentation amplifier for wearable applications},
  author={Viana, Nayana LM and Belfort, Diomadson R},
  booktitle={2019 4th International Symposium on Instrumentation Systems, Circuits and Transducers (INSCIT)},
  pages={1--5},
  year={2019},
  organization={IEEE}
}


@inproceedings{das2017noise,
  title={A noise-power-area optimized novel programmable gain and bandwidth instrumentation amplifier for biomedical applications},
  author={Das, Devarshi Mrinal and Srivastava, Abhishek and Gupta, Aman and Barot, Kashyap and Baghini, Maryam Shojaei},
  booktitle={2017 IEEE International Symposium on Circuits and Systems (ISCAS)},
  pages={1--4},
  year={2017},
  organization={IEEE}
}


@inproceedings{eldeeb201889,
  title={An 89 nW instrumentation amplifier for IoT in 65 nm CMOS technology},
  author={Eldeeb, Mohammed A and Ghallab, Yehya H and Ismail, Yehea and El Ghitani, Hassan},
  booktitle={2018 35th National Radio Science Conference (NRSC)},
  pages={345--351},
  year={2018},
  organization={IEEE}
}


@inproceedings{mukherjee2022ultra,
  title={An Ultra-Low Power (86 nW) Low-Voltage (0.6 V) Self-Biased Instrumentation Amplifier for Bio-Medical Applications},
  author={Mukherjee, Koyel and Pandit, Soumya and Pal, Rajat Kumar},
  booktitle={2022 IEEE International Conference of Electron Devices Society Kolkata Chapter (EDKCON)},
  pages={580--585},
  year={2022},
  organization={IEEE}
}


@article{choi2021current,
  title={Current-Reused Current Feedback Instrumentation Amplifier for Low Power Leadless Pacemakers},
  author={Choi, Gyuri and You, Donggeun and Heo, Hyunwoo and Kim, Hyungseup and Kwon, Yongsu and Nam, Kyeongsik and Lee, Sangmin and Ko, Hyoungho},
  journal={IEEE Access},
  volume={9},
  pages={113748--113758},
  year={2021},
  publisher={IEEE}
}


@inproceedings{das2014design,
  title={Design considerations for high-cmrr low-power current mode instrumentation amplifier for biomedicai data acquisition systems},
  author={Das, Devarshi Mrinal and Ananthapadmanabhan, J and Baghini, Maryam Shojaei and Sharma, Dinesh Kumar},
  booktitle={2014 21st IEEE International Conference on Electronics, Circuits and Systems (ICECS)},
  pages={251--254},
  year={2014},
  organization={IEEE}
}


@inproceedings{yogitha2023design,
  title={Design of a 90nm Instrumentation Amplifier for High Precision Signal Acquisition Applications},
  author={Yogitha, HK and Sinchana, K and Biyani, Shristi and Seethur, Rashmi},
  booktitle={2023 IEEE 9th International Conference on Smart Instrumentation, Measurement and Applications (ICSIMA)},
  pages={116--120},
  year={2023},
  organization={IEEE}
}


@inproceedings{jain2017design,
  title={Design of a high gain, temperature compensated biomedical instrumentation amplifier for EEG applications},
  author={Jain, Aditi and Kandpal, Kavindra},
  booktitle={2017 11th International Conference on Intelligent Systems and Control (ISCO)},
  pages={292--296},
  year={2017},
  organization={IEEE}
}


@inproceedings{sharma2016design,
  title={Design of CMOS instrumentation amplifier with improved gain \& CMRR for low power sensor applications},
  author={Sharma, Buddhi Prakash and Mehra, Rajesh},
  booktitle={2016 2nd International Conference on Next Generation Computing Technologies (NGCT)},
  pages={72--77},
  year={2016},
  organization={IEEE}
}


@inproceedings{eldeeb2016design,
  title={Design of low power CMOS subthreshold current mode instrumentation amplifier based on CCII},
  author={Eldeeb, Mohammed A and Ghallab, Yehya H and Ismail, Yehea and Elghitani, Hassan},
  booktitle={2016 IEEE 59th International Midwest Symposium on Circuits and Systems (MWSCAS)},
  pages={1--4},
  year={2016},
  organization={IEEE}
}


@inproceedings{bolanos2022low,
  title={Low Voltage and Low Power AC Coupled Instrumentation Amplifier},
  author={Bola{\~n}os-P{\'e}rez, Ricardo and Diaz-Sanchez, Alejandro and Rocha-P{\'e}rez, Jos{\'e} Miguel and Ramirez-Angulo, Jaime and Bautista-Castillo, Alejandro and Morales-L{\'o}pez, Pedro},
  booktitle={2022 IEEE Latin American Electron Devices Conference (LAEDC)},
  pages={1--4},
  year={2022},
  organization={IEEE}
}


@inproceedings{sachinmishra2023modified,
  title={Modified Ultra-Low Power Electronically Tunable Current Mode Instrumentation Amplifier For Biomedical Application},
  author={SachinMishra and ArjunSinghYadav},
  booktitle={2023 IEEE International Students' Conference on Electrical, Electronics and Computer Science (SCEECS)},
  pages={1--6},
  year={2023},
  organization={IEEE}
}


@article{lee2019chopper,
  title={A chopper stabilized current-feedback instrumentation amplifier for EEG acquisition applications},
  author={Lee, Chung-Jae and Song, Jong-In},
  journal={IEEE Access},
  volume={7},
  pages={11565--11569},
  year={2019},
  publisher={IEEE}
}







@misc{sciencedirect,
	title = {sciencedirect- Instrumentation Amplifier},
	url={https://www.sciencedirect.com/topics/engineering/instrumentation-amplifier}
}